@article{kandala2017hardware,
  title={Hardware-efficient variational quantum eigensolver for small molecules and quantum magnets},
  author={Kandala, Abhinav and Mezzacapo, Antonio and Temme, Kristan and Takita, Maika and Brink, Markus and Chow, Jerry M and Gambetta, Jay M},
  journal={Nature},
  volume={549},
  number={7671},
  pages={242--246},
  year={2017},
  publisher={Nature Publishing Group UK London}
}

@article{mcclean2016theory,
  title={The theory of variational hybrid quantum-classical algorithms},
  author={McClean, Jarrod R and Romero, Jonathan and Babbush, Ryan and Aspuru-Guzik, Al{\'a}n},
  journal={New Journal of Physics},
  volume={18},
  number={2},
  pages={023023},
  year={2016},
  publisher={IOP Publishing}
}

@article{cao2019quantum,
  title={Quantum chemistry in the age of quantum computing},
  author={Cao, Yudong and Romero, Jonathan and Olson, Jonathan P and Degroote, Matthias and Johnson, Peter D and Kieferov{\'a}, M{\'a}ria and Kivlichan, Ian D and Menke, Tim and Peropadre, Borja and Sawaya, Nicolas PD and others},
  journal={Chemical reviews},
  volume={119},
  number={19},
  pages={10856--10915},
  year={2019},
  publisher={ACS Publications}
}

@article{lee2019first,
  title={First observation of the helium hydride ion in space},
  author={Lee, J.G. and Bergin, E.A. and G{\"u}sten, R.},
  journal={Nature},
  volume={568},
  number={7752},
  pages={357--359},
  year={2019},
  publisher={Nature Publishing Group}
}

@article{qiskit2019,
  title={Qiskit: An open-source framework for quantum computing},
  author={{Qiskit developers}},
  year={2019},
  publisher={Zenodo},
  doi={10.5281/zenodo.2562110}
}

@article{peruzzo2014variational,
  title={A variational eigenvalue solver on a quantum processor},
  author={Peruzzo, Alberto and McClean, Jarrod and Shadbolt, Peter and Yung, Man-Hong and Zhou, Xiao-Qi and Love, Peter J and Aspuru-Guzik, Al{\'a}n and O'Brien, Jeremy L},
  journal={Nature communications},
  volume={5},
  number={1},
  pages={1--7},
  year={2014},
  publisher={Nature Publishing Group}
}

@article{temme2017error,
  title={Error mitigation for short-depth quantum circuits},
  author={Temme, Kristan and Bravyi, Sergey and Gambetta, Jay M},
  journal={Physical review letters},
  volume={119},
  number={18},
  pages={180509},
  year={2017},
  publisher={APS}
}

@article{cerezo2021variational,
  title={Variational quantum algorithms},
  author={Cerezo, Marco and Arrasmith, Andrew and Babbush, Ryan and Benjamin, Simon C and Endo, Suguru and Fujii, Keisuke and McClean, Jarrod R and Mitarai, Kosuke and Yuan, Xiao and Cincio, Lukasz and others},
  journal={Nature Reviews Physics},
  volume={3},
  number={9},
  pages={625--644},
  year={2021},
  publisher={Nature Publishing Group}
}

@article{chardonnet2021theoretical,
  title={Theoretical investigation of anti-matter molecules},
  author={Chardonnet, V. and Cassidy, D.B. and Karshenboim, S.G.},
  journal={Physical Review A},
  volume={103},
  number={1},
  pages={012814},
  year={2021},
  publisher={APS}
}

@article{czachorowski2020towards,
  title={Towards quantum chemistry on a quantum computer},
  author={Czachorowski, P. and Meister, M. and Motta, M. and Rijmen, T.B. and Chan, G.K.},
  journal={Journal of Chemical Theory and Computation},
  volume={16},
  number={11},
  pages={7342--7354},
  year={2020},
  publisher={ACS Publications}
}

@article{baker2021matter,
  title={Matter-antimatter asymmetry: a review},
  author={Baker, Keith and Goncalves, Renato},
  journal={Reports on Progress in Physics},
  volume={84},
  number={9},
  pages={096001},
  year={2021},
  publisher={IOP Publishing}
}

@article{sharma2020noise,
  title={Noise resilience of variational quantum compiling},
  author={Sharma, Kunal and Khatri, Sumeet and Li, Marco and Cerezo, Marco},
  journal={New Journal of Physics},
  volume={22},
  number={4},
  pages={043006},
  year={2020},
  publisher={IOP Publishing}
}

@book{griffiths2018introduction,
  title={Introduction to quantum mechanics},
  author={Griffiths, David J and Schroeter, Darrell F},
  year={2018},
  publisher={Cambridge University Press}
}

@article{tilly2022variational,
  title={The Variational Quantum Eigensolver: A review of methods and best practices},
  author={Tilly, James and Chen, Hongxiang and Cao, Shuxiang and Picozzi, Dario and Setia, Kanav and Li, Ying and Grant, Edward and Wossnig, Leonard and Rungger, Ivan and Booth, George H and others},
  journal={Physics Reports},
  volume={986},
  pages={1--128},
  year={2022},
  publisher={Elsevier}
}

@article{georgescu2014quantum,
  title={Quantum simulation},
  author={Georgescu, I.M. and Ashhab, S. and Nori, F.},
  journal={Reviews of Modern Physics},
  volume={86},
  number={1},
  pages={153},
  year={2014},
  publisher={APS}
} 